<?xml version="1.0" encoding="UTF-8"?>
<collection xmlns:xsi="http://www.w3.org/2001/XMLSchema-instance" xsi:schemaLocation="http://www.loc.gov/MARC21/slim http://www.loc.gov/standards/marcxml/schema/MARC21slim.xsd" xmlns="http://www.loc.gov/MARC21/slim">
<record>
  <leader>00680cam a22001931  4500</leader>
  <controlfield tag="001">3068239</controlfield>
  <controlfield tag="003">NNC</controlfield>
  <controlfield tag="005">20130426015240.0</controlfield>
  <controlfield tag="008">010820s1951    ua            000 0 ara d</controlfield>
  <datafield tag="035" ind1=" " ind2=" ">
    <subfield code="a">(OCoLC)ocm47806351</subfield>
  </datafield>
  <datafield tag="035" ind1=" " ind2=" ">
    <subfield code="9">ATP0680CU</subfield>
  </datafield>
  <datafield tag="035" ind1=" " ind2=" ">
    <subfield code="a">(NNC)3068239</subfield>
  </datafield>
  <datafield tag="040" ind1=" " ind2=" ">
    <subfield code="a">ZCU</subfield>
    <subfield code="c">ZCU</subfield>
  </datafield>
  <datafield tag="099" ind1=" " ind2=" ">
    <subfield code="a">893.799</subfield>
    <subfield code="a">M2912</subfield>
  </datafield>
  <datafield tag="100" ind1="0" ind2=" ">
    <subfield code="a">Mālik ibn Anas,</subfield>
    <subfield code="d">-795.</subfield>
  </datafield>
  <datafield tag="245" ind1="1" ind2="3">
    <subfield code="a">al-Muwaṭṭaʾ, li-imām al-aʾimmah waʻālim al-Madīnah, Mālik ibn Anas.</subfield>
    <subfield code="b">Ṣaḥḥaḥahū waraqqamahū wakharraja aḥādīthahū waʻallaqa ʻalaihi Muḥammad Fuʾād ʻAbd-al-Bāqī.</subfield>
  </datafield>
  <datafield tag="260" ind1=" " ind2=" ">
    <subfield code="a">[al-Qāhirah]</subfield>
    <subfield code="b">ʻĪsā al-Bābī al-Ḥalabī</subfield>
    <subfield code="c">[1951]</subfield>
  </datafield>
  <datafield tag="300" ind1=" " ind2=" ">
    <subfield code="a">2 v.</subfield>
  </datafield>
  <datafield tag="955" ind1=" " ind2=" ">
    <subfield code="b">0022681280</subfield>
    <subfield code="d">glx</subfield>
    <subfield code="e">893.799 M2912</subfield>
    <subfield code="v">v.2</subfield>
  </datafield>
</record>
</collection>